<?xml version="1.0" encoding="UTF-8"?>
<record>
  <leader>01039nas a2200313#c 4500</leader>
  <controlfield tag="005">20171201194826.0</controlfield>
  <controlfield tag="007">tu</controlfield>
  <controlfield tag="008">061103d19501954gw u||p|  ||| 0||||1ger c</controlfield>
  <controlfield tag="003">DE-605</controlfield>
  <controlfield tag="001">990154869220206441</controlfield>
  <datafield tag="016" ind1="7" ind2=" ">
    <subfield code="a">2257162-0</subfield>
    <subfield code="2">DE-600</subfield>
  </datafield>
  <datafield tag="016" ind1="7" ind2=" ">
    <subfield code="a">981785794</subfield>
    <subfield code="2">DE-101</subfield>
  </datafield>
  <datafield tag="035" ind1=" " ind2=" ">
    <subfield code="a">(DE-599)ZDB2257162-0</subfield>
  </datafield>
  <datafield tag="035" ind1=" " ind2=" ">
    <subfield code="a">(OCoLC)315753973</subfield>
  </datafield>
  <datafield tag="035" ind1=" " ind2=" ">
    <subfield code="a">(DE-600)2257162-0</subfield>
  </datafield>
  <datafield tag="035" ind1=" " ind2=" ">
    <subfield code="a">(DE-101)981785794</subfield>
  </datafield>
  <datafield tag="040" ind1=" " ind2=" ">
    <subfield code="a">0006</subfield>
    <subfield code="b">ger</subfield>
    <subfield code="c">DE-101</subfield>
    <subfield code="d">9999</subfield>
  </datafield>
  <datafield tag="041" ind1=" " ind2=" ">
    <subfield code="a">ger</subfield>
  </datafield>
  <datafield tag="044" ind1=" " ind2=" ">
    <subfield code="c">XA-DE</subfield>
  </datafield>
  <datafield tag="084" ind1=" " ind2=" ">
    <subfield code="a">060</subfield>
    <subfield code="q">DE-600</subfield>
    <subfield code="2">sdnb</subfield>
  </datafield>
  <datafield tag="245" ind1="0" ind2="0">
    <subfield code="a">Hefte zur Geschichte von Ennepetal-Voerde</subfield>
  </datafield>
  <datafield tag="264" ind1="3" ind2="1">
    <subfield code="a">[Schwelm]</subfield>
    <subfield code="b">[Verlag nicht ermittelbar]</subfield>
    <subfield code="c">1950-1954</subfield>
  </datafield>
  <datafield tag="336" ind1=" " ind2=" ">
    <subfield code="b">txt</subfield>
  </datafield>
  <datafield tag="337" ind1=" " ind2=" ">
    <subfield code="b">n</subfield>
  </datafield>
  <datafield tag="338" ind1=" " ind2=" ">
    <subfield code="b">nc</subfield>
  </datafield>
  <datafield tag="362" ind1="0" ind2=" ">
    <subfield code="a">H. 1.1950 - 6.1954[?]</subfield>
  </datafield>
  <datafield tag="363" ind1="0" ind2="0">
    <subfield code="8">1.1\x</subfield>
    <subfield code="i">1950</subfield>
  </datafield>
  <datafield tag="363" ind1="1" ind2="0">
    <subfield code="8">1.2\x</subfield>
    <subfield code="i">1954</subfield>
  </datafield>
  <datafield tag="710" ind1="1" ind2=" ">
    <subfield code="a">Ennepe-Ruhr-Kreis</subfield>
    <subfield code="0">(DE-588)4014819-1</subfield>
    <subfield code="4">isb</subfield>
    <subfield code="0">https://d-nb.info/gnd/04014819X</subfield>
    <subfield code="0">http://viaf.org/viaf/312871812</subfield>
    <subfield code="B">GND-04014819X</subfield>
  </datafield>
  <datafield tag="655" ind1=" " ind2="7">
    <subfield code="a">Zeitschrift</subfield>
    <subfield code="0">(DE-588)4067488-5</subfield>
    <subfield code="2">gnd-content</subfield>
  </datafield>
  <datafield tag="MBD" ind1=" " ind2=" ">
    <subfield code="M">49HBZ_NETWORK</subfield>
    <subfield code="i">990154869220206441</subfield>
    <subfield code="n">HBZ Network</subfield>
  </datafield>
  <datafield tag="MBD" ind1=" " ind2=" ">
    <subfield code="M">49HBZ_BRIDGE_SAS</subfield>
    <subfield code="i">9931810107830</subfield>
    <subfield code="n">Stadtarchiv Solingen, Bibliothek</subfield>
  </datafield>
  <datafield tag="MBD" ind1=" " ind2=" ">
    <subfield code="M">49HBZ_ULM</subfield>
    <subfield code="i">991027066829706449</subfield>
    <subfield code="n">Universität Münster</subfield>
  </datafield>
  <datafield tag="MNG" ind1=" " ind2=" ">
    <subfield code="c">System</subfield>
    <subfield code="f">ZDB</subfield>
    <subfield code="i">marc21</subfield>
    <subfield code="h">20171201194826.0</subfield>
    <subfield code="l">60</subfield>
    <subfield code="k">01</subfield>
    <subfield code="e">false</subfield>
    <subfield code="d">2024-11-10 04:33:00 Europe/Berlin</subfield>
    <subfield code="g">015486922-HBZ01</subfield>
    <subfield code="j">90</subfield>
    <subfield code="a">import</subfield>
    <subfield code="b">2021-04-05 13:38:36 Europe/Berlin</subfield>
  </datafield>
  <datafield tag="H16" ind1="7" ind2=" ">
    <subfield code="a">2257162-0</subfield>
    <subfield code="2">DE-600</subfield>
    <subfield code="8">2212014060007830</subfield>
  </datafield>
  <datafield tag="H35" ind1=" " ind2=" ">
    <subfield code="a">(DE-600)111250009X</subfield>
    <subfield code="8">2212014060007830</subfield>
  </datafield>
  <datafield tag="H92" ind1=" " ind2=" ">
    <subfield code="a">568101-7</subfield>
    <subfield code="y">wk</subfield>
    <subfield code="8">2212014060007830</subfield>
  </datafield>
  <datafield tag="H52" ind1="8" ind2="1">
    <subfield code="t">1</subfield>
    <subfield code="c">kA</subfield>
    <subfield code="a">DE-Sol1</subfield>
    <subfield code="h">KA 2738</subfield>
    <subfield code="b">Z9035</subfield>
    <subfield code="8">2212014060007830</subfield>
  </datafield>
  <datafield tag="H59" ind1="1" ind2="0">
    <subfield code="8">1.2\x</subfield>
    <subfield code="i">1954</subfield>
    <subfield code="a">6</subfield>
    <subfield code="8">2212014060007830</subfield>
  </datafield>
  <datafield tag="H59" ind1="0" ind2="0">
    <subfield code="8">1.1\x</subfield>
    <subfield code="a">1</subfield>
    <subfield code="i">1950</subfield>
    <subfield code="8">2212014060007830</subfield>
  </datafield>
  <datafield tag="H66" ind1="3" ind2="0">
    <subfield code="a">1.1950 - 6.1954</subfield>
    <subfield code="8">2212014060007830</subfield>
  </datafield>
  <datafield tag="HOL" ind1=" " ind2=" ">
    <subfield code="d">2024-07-24 12:03:38</subfield>
    <subfield code="8">2212014060007830</subfield>
    <subfield code="b">2024-07-24 12:03:38</subfield>
    <subfield code="M">49HBZ_BRIDGE_SAS</subfield>
    <subfield code="g">false</subfield>
    <subfield code="a">System</subfield>
    <subfield code="c">System</subfield>
  </datafield>
  <datafield tag="H16" ind1="7" ind2=" ">
    <subfield code="a">2257162-0</subfield>
    <subfield code="2">DE-600</subfield>
    <subfield code="8">22486596510006449</subfield>
  </datafield>
  <datafield tag="H35" ind1=" " ind2=" ">
    <subfield code="a">(DE-600)120915707</subfield>
    <subfield code="8">22486596510006449</subfield>
  </datafield>
  <datafield tag="H35" ind1=" " ind2=" ">
    <subfield code="a">(DE-6)120915707-49hbz_ulm</subfield>
    <subfield code="8">22486596510006449</subfield>
  </datafield>
  <datafield tag="H92" ind1=" " ind2=" ">
    <subfield code="k">NRW</subfield>
    <subfield code="l">b</subfield>
    <subfield code="o">d</subfield>
    <subfield code="a">441139-0</subfield>
    <subfield code="8">22486596510006449</subfield>
  </datafield>
  <datafield tag="H52" ind1="8" ind2="1">
    <subfield code="b">ALKU</subfield>
    <subfield code="c">ALKU_ZS</subfield>
    <subfield code="8">1</subfield>
    <subfield code="h">Z 728</subfield>
    <subfield code="9">00</subfield>
    <subfield code="a">DE-6-139a</subfield>
    <subfield code="8">22486596510006449</subfield>
  </datafield>
  <datafield tag="H59" ind1="0" ind2="0">
    <subfield code="8">1.1\x</subfield>
    <subfield code="a">1</subfield>
    <subfield code="i">1950</subfield>
    <subfield code="8">22486596510006449</subfield>
  </datafield>
  <datafield tag="H59" ind1="1" ind2="0">
    <subfield code="8">1.2\x</subfield>
    <subfield code="a">6</subfield>
    <subfield code="i">1954</subfield>
    <subfield code="8">22486596510006449</subfield>
  </datafield>
  <datafield tag="H66" ind1="3" ind2="0">
    <subfield code="a">1.1950 - 6.1954</subfield>
    <subfield code="8">22486596510006449</subfield>
  </datafield>
  <datafield tag="HOL" ind1=" " ind2=" ">
    <subfield code="d">2024-02-16 12:21:58</subfield>
    <subfield code="8">22486596510006449</subfield>
    <subfield code="b">2022-07-11 08:12:01</subfield>
    <subfield code="M">49HBZ_ULM</subfield>
    <subfield code="g">false</subfield>
    <subfield code="a">import</subfield>
    <subfield code="c">System</subfield>
  </datafield>
  <datafield tag="GKT" ind1="2" ind2=" ">
    <subfield code="a">Ennepe-Ruhr-Kreis</subfield>
    <subfield code="b">Kreisausschuß</subfield>
    <subfield code="4">spio</subfield>
    <subfield code="i">Spitzenorgan</subfield>
    <subfield code="A">GND</subfield>
    <subfield code="B">GND-04014819X</subfield>
    <subfield code="C">410</subfield>
  </datafield>
  <datafield tag="GKT" ind1="2" ind2=" ">
    <subfield code="a">Kreisausschuß</subfield>
    <subfield code="g">Ennepe-Ruhr-Kreis</subfield>
    <subfield code="A">GND</subfield>
    <subfield code="B">GND-04014819X</subfield>
    <subfield code="C">410</subfield>
  </datafield>
  <datafield tag="GKT" ind1="2" ind2=" ">
    <subfield code="a">Ennepe-Ruhr-Kreis</subfield>
    <subfield code="b">Kreisverwaltung</subfield>
    <subfield code="4">spio</subfield>
    <subfield code="i">Spitzenorgan</subfield>
    <subfield code="A">GND</subfield>
    <subfield code="B">GND-04014819X</subfield>
    <subfield code="C">410</subfield>
  </datafield>
  <datafield tag="GKT" ind1="2" ind2=" ">
    <subfield code="a">Kreisverwaltung</subfield>
    <subfield code="g">Ennepe-Ruhr-Kreis</subfield>
    <subfield code="A">GND</subfield>
    <subfield code="B">GND-04014819X</subfield>
    <subfield code="C">410</subfield>
  </datafield>
  <datafield tag="GSI" ind1="7" ind2=" ">
    <subfield code="a">4014819-1</subfield>
    <subfield code="0">http://d-nb.info/gnd/4014819-1</subfield>
    <subfield code="2">gnd</subfield>
    <subfield code="A">GND</subfield>
    <subfield code="B">GND-04014819X</subfield>
    <subfield code="C">024</subfield>
  </datafield>
</record>
